<?xml version="1.0" encoding="UTF-8"?><collection><record><leader>07167ntm a2200553 a 4500</leader><controlfield tag="001">005245324</controlfield><controlfield tag="003">MiAaHDL</controlfield><controlfield tag="005">20190719000000.0</controlfield><controlfield tag="006">m        d        </controlfield><controlfield tag="007">cr bn ---auaua</controlfield><controlfield tag="008">060707s1792    ua            000 0 ara  </controlfield><datafield tag="035" ind1=" " ind2=" "><subfield code="a">(MiU)005245324</subfield></datafield><datafield tag="035" ind1=" " ind2=" "><subfield code="a">sdr-miu005245324</subfield></datafield><datafield tag="035" ind1=" " ind2=" "><subfield code="a">(OCoLC)81282552</subfield></datafield><datafield tag="035" ind1=" " ind2=" "><subfield code="a">(RLIN)MIUG06-B2893</subfield></datafield><datafield tag="040" ind1=" " ind2=" "><subfield code="a">MiU</subfield><subfield code="c">MiU</subfield><subfield code="e">amremm</subfield></datafield><datafield tag="043" ind1=" " ind2=" "><subfield code="a">n-us-mi</subfield><subfield code="a">f-ua---</subfield></datafield><datafield tag="245" ind1="0" ind2="0"><subfield code="6">880-03</subfield><subfield code="a">Sīrat al-Qass Nuṣayr al-Iskandarānī wa-ibnihi Marqus,</subfield><subfield code="f">[1508, i.e. 1792].</subfield></datafield><datafield tag="246" ind1="3" ind2=" "><subfield code="i">Title from close (p.194):</subfield><subfield code="a">سيرة القس نصير مع ابنه القس مرقس</subfield></datafield><datafield tag="246" ind1="3" ind2=" "><subfield code="a">Sīrat al-Qiss Nuṣayr al-Iskandarānī wa-ibnihi Marqus</subfield></datafield><datafield tag="246" ind1="3" ind2=" "><subfield code="i">Title from inscription in pencil on front flyleaf (p.1):</subfield><subfield code="a">سيرة القس نصير</subfield></datafield><datafield tag="260" ind1=" " ind2=" "><subfield code="c">[Alexandria?,</subfield><subfield code="c">1792].</subfield></datafield><datafield tag="300" ind1=" " ind2=" "><subfield code="a">97 leaves :</subfield><subfield code="b">paper ;</subfield><subfield code="c">150 x 110 (120 x 70) mm. bound to 156 x 115 mm.</subfield></datafield><datafield tag="500" ind1=" " ind2=" "><subfield code="a">Origin: As appears in colophon on p.195, copied by Yūsuf Yuḥannā with transcription completed 25 Abīb (Epep, Epeiph) 1508 of the Martyrs' Era, corresponding to Dhū al-Ḥijjah 1206 [i.e. ca. 30 July 1792].</subfield></datafield><datafield tag="500" ind1=" " ind2=" "><subfield code="a">Accompanying materials: Acquisitions slip from Yahuda.</subfield></datafield><datafield tag="500" ind1=" " ind2=" "><subfield code="a">Former shelfmark: From inner front cover and spine label, "IL 166" (likely supplied by Yahuda, see acquisitions slip).</subfield></datafield><datafield tag="500" ind1=" " ind2=" "><subfield code="a">Binding: Boards covered in textured maroon cloth ; Western style binding ; upper and lower covers embossed with diamond-shaped central ornament with intersecting vertical and horizontal cartouches ; sewn in white thread, six stations ; overall in good condition.</subfield></datafield><datafield tag="500" ind1=" " ind2=" "><subfield code="a">Support: European laid paper with 6-7 laid lines per cm. (horizontal), chain lines spaced 29 mm. apart (vertical) and three crescents watermark (see p.10, 11, etc.) ; fairly thick and sturdy, burnished.</subfield></datafield><datafield tag="500" ind1=" " ind2=" "><subfield code="a">Decoration: Some headings and keywords rubricated ; textual dividers in the form of red discs.</subfield></datafield><datafield tag="500" ind1=" " ind2=" "><subfield code="a">Script: Naskh ; large, bold, somewhat angular Egyptian hand ; partially seriffed with blob / dot head-serif on occasional ascender (even free-standing alif), point of final nūn often set quite deep and nearly encircled by bowl, pointing in distinct dots, alif maqṣūrah pointed as yāʼ, kāf mashqūqah preferred (even final kāf), extensively vocalized ; pages 19, 20, 24, 25 supplied in a different hand.</subfield></datafield><datafield tag="500" ind1=" " ind2=" "><subfield code="a">Layout: Written in 13 lines per page.</subfield></datafield><datafield tag="500" ind1=" " ind2=" "><subfield code="a">Collation: i, V-2+1 (9), 8 V(89), V-2 (97), i ; chiefly quinions ; catchwords present ; pagination in pencil, Western numerals, supplied during digitization (includes flyleaves).</subfield></datafield><datafield tag="500" ind1=" " ind2=" "><subfield code="a">Colophon: "Scribal," rectangular, reads " وكان الفراغ منه يوم الاتنين المبارك الذي هو الخامس والعشرون من ابيب في سنة ط هي د تمانيه وخمسمايه واللف للشهدا الاطهار السعدا الابرار نفعنا الله بشفاعاتهم امين والموافق دلك في العربي العاشر من شهر الحجه سنه 1206 سته ومايتين واللف عربيه احس الله العاقبه الي خير وسلامه امين ودلك علي يد الحقير يوسف يوحنا فهو يضرب المطانوه تحت اقدامكم تدعوا له بالغفران هو ووالديه ومن قال شيا فله عوضه اضعاف في ملكوة السموات امين"</subfield></datafield><datafield tag="500" ind1=" " ind2=" "><subfield code="a">Explicit: "وبعد ذلك تنيح وجنزوه كما يليق بالكهنه ودفن في مقبرة الابا وعند تمام الاربعين من نياحته تنيحة امرااته ودفنت بجانبه واما ابنهم المتقدم ذكره ازداد في الصوم والصلاه والصدقات علي الفقره ولم يترك شيا مما خلفوه ابواه الا وفرقه علي المساكين وعاش في الكهنوت سيره صالحه نحو من سبعين سنه وتنيح في شخوخيه حسنه مرضيه ونحن نسال ربنا والاهنا ومخلصنا يسوع المسيح ان يبعد عنا كل الهواجس الشيطانيه والاوجاع البدنيه والمحن الزمنيه بشفاعه العدري الزكيه والدة الكلمه الازليه والملايكه العلويه وبطلبات ماري مرقس الانجيلي الكاروز بالديار المصريه وجميع الابا والانبيا والرسل والشهدا والقدسين وكلمن ارضي الرب باعماله الصالحه من المتبدي والي اخر الايام والي دهر الداهرين امين تم وكملت سيرة القس نصير مع ابنه القس مرقس بسلام من الرب امين والشكر لله امين"</subfield></datafield><datafield tag="500" ind1=" " ind2=" "><subfield code="a">Incipit: "بسم الله الرووف الرحيم نبتدي بعون الله تعالي وحسن ارشاده بنص سيرة القس نصير الاسكندراني وابنه مرقس بسلام الرب امين. الحمد لله فاحص الامور الذي نقلنا من الظلمه الي النور وعتقنا من العدو الغدور فلنسبحه علي ممر الازمان والدهور ونستشفع بصلاة مريم ام النور ونساله يزكي افهامنا وينير اذهاننا امين. قال كان بمدينة اسكندريه كاهنا يدعي القس نصير وله زوجه قديسه تسما طابيتا التي تاويلها غزال وكانوا اغنيا جدا لكن كانوا موجوعين القلوب من اجل عدم الدريه لانهم لم يكن لهما ولد قط وكانوا يكتران الطلبه الي الله سبحانه وتعالي ان يرزقهما ولدا يرث غناهما ..."</subfield></datafield><datafield tag="500" ind1=" " ind2=" "><subfield code="a">Title from opening on p.5.</subfield></datafield><datafield tag="500" ind1=" " ind2=" "><subfield code="a">Ms. codex.</subfield></datafield><datafield tag="520" ind1="8" ind2=" "><subfield code="a">Anonymous work which tells the story of a Coptic Christian priest of Alexandria and his son, Marqus, a dialogue with many popular stories, sayings, and references to the customs and manners among Christians, Muslims, and Jews in 18th century Egypt. Contains many idioms of 18th cent. Egyptian Arabic dialect. Cataloguing provided mainly by Derek Mancini-Lander and Marijana Kavčič.</subfield></datafield><datafield tag="538" ind1=" " ind2=" "><subfield code="a">Mode of access: Internet.</subfield></datafield><datafield tag="541" ind1=" " ind2=" "><subfield code="a">Acquired in 1926 from the bookseller Isaac Benjamin S.E. Yahuda via purchase transacted on his behalf by his younger brother, the famous Orientalist and manuscript collector Abraham Shalom Yahuda (1877-1951).</subfield></datafield><datafield tag="546" ind1=" " ind2=" "><subfield code="a">Arabic.</subfield></datafield><datafield tag="650" ind1=" " ind2="0"><subfield code="a">Manuscripts, Arabic</subfield><subfield code="z">Michigan</subfield><subfield code="z">Ann Arbor.</subfield></datafield><datafield tag="650" ind1=" " ind2="0"><subfield code="a">Ethnic relations in literature</subfield><subfield code="v">Early works to 1800.</subfield></datafield><datafield tag="650" ind1=" " ind2="0"><subfield code="a">Arabic literature</subfield><subfield code="x">Coptic authors</subfield><subfield code="y">18th century.</subfield></datafield><datafield tag="651" ind1=" " ind2="0"><subfield code="a">Egypt</subfield><subfield code="x">Ethnic relations</subfield><subfield code="y">18th century.</subfield></datafield><datafield tag="700" ind1="0" ind2=" "><subfield code="6">880-08</subfield><subfield code="a">Yūsuf Yuḥannā,</subfield><subfield code="d">fl. 1792,</subfield><subfield code="e">scribe.</subfield></datafield><datafield tag="773" ind1="0" ind2=" "><subfield code="a">Yahuda Collection.</subfield></datafield><datafield tag="880" ind1="0" ind2=" "><subfield code="6">700-08/</subfield><subfield code="a">يوسف يحنا،</subfield><subfield code="e">ناسخ.</subfield></datafield><datafield tag="880" ind1="0" ind2="0"><subfield code="6">245-03/</subfield><subfield code="a">سيرة القس نصير الإسكندراني وابنه مرقس,</subfield><subfield code="f">[1508, 1792م].</subfield></datafield><datafield tag="CID" ind1=" " ind2=" "><subfield code="a">005245324</subfield></datafield><datafield tag="DAT" ind1="0" ind2=" "><subfield code="a">20190719102633.0</subfield><subfield code="b">20190719000000.0</subfield></datafield><datafield tag="DAT" ind1="1" ind2=" "><subfield code="a">20190719090653.0</subfield><subfield code="b">2019-07-19T16:10:51Z</subfield></datafield><datafield tag="DAT" ind1="2" ind2=" "><subfield code="a">2015-10-02T18:00:03Z</subfield></datafield><datafield tag="CAT" ind1=" " ind2=" "><subfield code="a">SDR-MIU</subfield><subfield code="d">EX LIBRIS - ALEPH</subfield><subfield code="l">prepare.pl-004-008</subfield></datafield><datafield tag="FMT" ind1=" " ind2=" "><subfield code="a">BK</subfield></datafield><datafield tag="HOL" ind1=" " ind2=" "><subfield code="0">sdr-miu005245324</subfield><subfield code="a">MiU</subfield><subfield code="b">SDR</subfield><subfield code="c">MIU</subfield><subfield code="p">mdp.39015081446521</subfield><subfield code="s">MIU</subfield><subfield code="1">005245324</subfield></datafield><datafield tag="974" ind1=" " ind2=" "><subfield code="b">MIU</subfield><subfield code="c">MIU</subfield><subfield code="d">20190719</subfield><subfield code="s">lit-dlps-dc</subfield><subfield code="u">mdp.39015081446521</subfield><subfield code="y">1792</subfield><subfield code="r">pd</subfield><subfield code="q">bib</subfield><subfield code="t">non-US bib date1 &lt; 1879</subfield></datafield></record></collection>